@BENCHMARKING
@inproceedings{arnold1997corpus,
  title={A corpus for the evaluation of lossless compression algorithms},
  author={Arnold, Ross and Bell, Tim},
  booktitle={Data Compression Conference, 1997. DCC'97. Proceedings},
  pages={201--210},
  year={1997},
  organization={IEEE}
}
@book{bell1990text,
  title={Text compression},
  author={Bell, Timothy C and Cleary, John G and Witten, Ian H},
  year={1990},
  publisher={Prentice-Hall, Inc.}
}
@article{jakubˇreznicek2010corpus,
  title={Corpus for comparing compression methods and an extension of a ExCom library},
  author={JakubˇRezn{\i}cek, Bc},
  year={2010}
}
@inproceedings{damme2015benchmark,
  title={A Benchmark Framework for Data Compression Techniques},
  author={Damme, Patrick and Habich, Dirk and Lehner, Wolfgang},
  booktitle={Technology Conference on Performance Evaluation and Benchmarking},
  pages={77--93},
  year={2015},
  organization={Springer}
}
@inproceedings{swacha2008assessing,
  title={Assessing the Efficiency of Data Compression and Storage System},
  author={Swacha, Jakub},
  booktitle={Computer Information Systems and Industrial Management Applications, 2008. CISIM'08. 7th},
  pages={109--114},
  year={2008},
  organization={IEEE}
}
@article{biji2016benchmark,
  title={Benchmark dataset for Whole Genome sequence compression},
  author={Biji, CL and Nair, Achuthsankar},
  journal={IEEE/ACM transactions on computational biology and bioinformatics},
  year={2016},
  publisher={IEEE}
}
@inproceedings{powell2001evaluating,
  title={Evaluating lossless compression methods},
  author={Powell, Matt},
  booktitle={New Zealand Computer Science Research Students' Conference, Canterbury, New Zealand},
  pages={35--41},
  year={2001},
  organization={Citeseer}
}
@inproceedings{guo2014benchmarking,
  title={Benchmarking graph-processing platforms: a vision},
  author={Guo, Yong and Varbanescu, Ana Lucia and Iosup, Alexandru and Martella, Claudio and Willke, Theodore L},
  booktitle={Proceedings of the 5th ACM/SPEC international conference on Performance engineering},
  pages={289--292},
  year={2014},
  organization={ACM}
}
@inproceedings{capotua2015graphalytics,
  title={Graphalytics: A big data benchmark for graph-processing platforms},
  author={Capot{\u{a}}, Mihai and Hegeman, Tim and Iosup, Alexandru and Prat-P{\'e}rez, Arnau and Erling, Orri and Boncz, Peter},
  booktitle={Proceedings of the GRADES'15},
  pages={7},
  year={2015},
  organization={ACM}
}
@inproceedings{swacha2008cote,
  title={CoTe: A software tool for compression benchmarking},
  author={Swacha, Jakub},
  booktitle={Data Compression Conference, 2008. DCC 2008},
  pages={547--547},
  year={2008},
  organization={IEEE}
}
@inproceedings{patel2015rethinking,
  title={Rethinking Benchmarking for Data},
  author={Patel, Jignesh M},
  booktitle={Technology Conference on Performance Evaluation and Benchmarking},
  pages={130--134},
  year={2015},
  organization={Springer}
}
@article{beamer2015gap,
  title={The GAP benchmark suite},
  author={Beamer, Scott and Asanovi{\'c}, Krste and Patterson, David},
  journal={arXiv preprint arXiv:1508.03619},
  year={2015}
}
@inproceedings{sim2003using,
  title={Using benchmarking to advance research: A challenge to software engineering},
  author={Sim, Susan Elliott and Easterbrook, Steve and Holt, Richard C},
  booktitle={Software Engineering, 2003. Proceedings. 25th International Conference on},
  pages={74--83},
  year={2003},
  organization={IEEE}
}

@online{ChokePoint,
  author = {Peter Boncz},
  title = {Choke-Point based Benchmark Design},
  year = 2014,
  url = {http://ldbcouncil.org/blog/choke-point-based-benchmark-design},
  urldate = {2017-02-08}
}


@WATER COLUMN COMPRESSION
@article{amblasreal,
    author = {Amblas, David and Portell, Jordi and Rayo, Xavier and Villafranca, Alberto G. and Garc{'i}a-Berro, Enrique and Canals, Miquel},
    title = {Real-time lossless compression of multibeam echosounder water column data},
    booktitle = {7th International Workshop on Marine Technology MARTECH},
    year = {2016}    
}
@inproceedings{beaudoin2010application,
    author = {Beaudoin, Jonathan},
    booktitle = {Canadian Hydrographic Conference, Quebec City (Canada)},
    title = {Application of {JPEG} 2000 wavelet compression to multibeam echosounder mid-water acoustic reflectivity measurements},
    year = {2010}
}
@article{moszynski2013novel,
    author = {Moszynski, Marek and Chybicki, Andrzej and Kulawiak, Marcin and Lubniewski, Zbigniew},
    citeulike-article-id = {14250782},
    journal = {Polish Maritime Research},
    title = {A novel method for archiving multibeam sonar data with emphasis on efficient record size reduction and storage},
    volume = {20},
    year = {2013}
}
@inproceedings{chybicki2008applications,
  title={Applications of compression techniques for reducing the size of multibeam sonar records},
  author={Chybicki, Andrzej and Moszynski, Marek and Pocwiardowski, Pawel},
  booktitle={Information Technology, 2008. IT 2008. 1st International Conference on},
  pages={1--4},
  year={2008},
  organization={IEEE}
}

@WATER COLUMN APPLICATION
@article{buelens2006computational,
  title={Computational challenges in processing and analysis of full-watercolumn multibeam sonar data.},
  author={Buelens, B and Williams, R and Sale, AHJ and Pauly, Tim},
  year={2006},
  publisher={University of Tasmania}
}
@article{clarke2006applications,
  title={Applications of multibeam water column imaging for hydrographic survey},
  author={Clarke, JE Hughes},
  journal={Hydrographic Journal},
  volume={120},
  pages={3},
  year={2006},
  publisher={Citeseer}
}

@inproceedings{doucet2009advanced,
  title={Advanced mid-water tools for 4D marine data fusion and analysis},
  author={Doucet, Maurice and Ware, Colin and Arsenault, Roland and Weber, Tom and Malik, Mashkoor Ahmad and Mayer, Larry and Gee, Lindsay},
  booktitle={OCEANS 2009, MTS/IEEE Biloxi-Marine Technology for Our Future: Global and Local Challenges},
  pages={1--9},
  year={2009},
  organization={IEEE}
}



